<?xml version="1.0" encoding="UTF-8"?><collection xmlns="http://www.loc.gov/MARC21/slim"><record><leader>00354nam--2200145-i-4500</leader><controlfield tag="001">000004549</controlfield><controlfield tag="002">20161230</controlfield><controlfield tag="005">20170122233427</controlfield><controlfield tag="008">060222s1000------------r-----000-0-eng-d</controlfield><datafield ind1=" " ind2=" " tag="100"><subfield code="a">Cornu, A</subfield></datafield><datafield ind1=" " ind2=" " tag="245"><subfield code="a">Analyse par spectrometrie de masse a etince lles</subfield></datafield><datafield ind1=" " ind2=" " tag="260"><subfield code="a">Paris</subfield><subfield code="c">1964</subfield></datafield><datafield ind1=" " ind2=" " tag="700"><subfield code="a">Terrier, J</subfield></datafield><datafield ind1=" " ind2=" " tag="852"><subfield code="a">21670</subfield></datafield><datafield ind1=" " ind2=" " tag="CAT"><subfield code="a">SYS</subfield><subfield code="c">20170122</subfield><subfield code="h">233427</subfield></datafield></record></collection>